@DocuShare{DMTN-065,
  author = {M. Graham and M. Juri\'{c} and K.-T. Lim and E. Bellm},
   title = "{Data Management and LSST Special Programs}",
    year = 2017,
  handle = {DMTN-065},
    note = {LSST Data Management Technical Note},
     url = {https://dmtn-065.lsst.io},
}

@DocuShare{LSE-349,
  author =       {Beth Willman and William O'Mullane and Melissa L. Graham and Donald Petravick},
  title =        "{Access Policy for LSST Data and Data Access Center}",
  year =         2018,
  month =        mar,
  handle =       {LSE-349},
}
